@misc{bytedeco42:online,
	author = {Bytedeco},
	title = {bytedeco/javacv: Java interface to OpenCV and more},
	howpublished = {\url{https://github.com/bytedeco/javacv}},
	month = {},
	year = {},
	note = {(cit. 23.3.2017)}
}

@misc{openpnpo16:online,
	author = {OpenPnP},
	title = {openpnp/opencv: OpenCV Java bindings packaged with native libraries, seamlessly delivered as a turn-key Maven dependency.},
	howpublished = {\url{https://github.com/openpnp/opencv}},
	month = {},
	year = {},
	note = {(cit. 23.3.2017)}
}

@misc{arimusjm6:online,
	author = {arimus},
	title = {arimus/jmimemagic: jMimeMagic is a Java library for determining the MIME type of files or streams.},
	howpublished = {\url{https://github.com/arimus/jmimemagic}},
	month = {},
	year = {},
	note = {(cit. 23.3.2017)}
}

@misc{ApacheTi44:online,
    author = {The.Apache.Software.Foundation},
    title = {Apache Tika â€“ Apache Tika},
    howpublished = {\url{http://tika.apache.org/}},
    month = {},
    year = {},
    note = {(cit. 23.3.2017)}
}

@misc{OpenCVIm84:online,
    author = {Intel.Corporation},
    title = {OpenCV: Image file reading and writing},
    howpublished = {\url{http://docs.opencv.org/3.2.0/d4/da8/group__imgcodecs.html#ga288b8b3da0892bd651fce07b3bbd3a56}},
    month = {},
    year = {},
    note = {(cit. 23.3.2017)}
}